<record><leader>00000cas a22000007a 4500</leader><controlfield tag="001">12861146</controlfield><controlfield tag="008">851202d19221922mtuwr ne      0    0eng d</controlfield><datafield ind1=" " ind2=" " tag="010"><subfield code="a">sn 85053340 </subfield></datafield><datafield ind1=" " ind2=" " tag="040"><subfield code="a">MTL</subfield><subfield code="b">eng</subfield><subfield code="c">MTL</subfield><subfield code="d">OCLCQ</subfield></datafield><datafield ind1="0" ind2="4" tag="245"><subfield code="a">The Kevin courier.</subfield></datafield><datafield ind1=" " ind2=" " tag="260"><subfield code="a">Kevin, Mont. :</subfield><subfield code="b">C.M. Brinton,</subfield><subfield code="c">1922.</subfield></datafield><datafield ind1=" " ind2=" " tag="300"><subfield code="a">1 v. :</subfield><subfield code="b">ill.</subfield></datafield><datafield ind1=" " ind2=" " tag="310"><subfield code="a">Weekly</subfield></datafield><datafield ind1="0" ind2=" " tag="362"><subfield code="a">Vol. 1, no. 1 (May 5, 1922)-v. 1, no. 17 (Aug. 23, 1922).</subfield></datafield><datafield ind1=" " ind2=" " tag="500"><subfield code="a">"Kevin-Sunburst Oil Field newspaper."</subfield></datafield><datafield ind1=" " ind2=" " tag="752"><subfield code="a">United States</subfield><subfield code="b">Montana</subfield><subfield code="c">Toole</subfield><subfield code="d">Kevin.</subfield></datafield></record>